@online{
1,
title = "DevOps pour les nuls",
url ="https://www.asprom.com/application/IBM_2.pdf",
}